@incollection{Pouransari_2014,
  doi = {10.1016/b978-0-444-63433-7.50053-5},
  url = {http://dx.doi.org/10.1016/b978-0-444-63433-7.50053-5},
  year = {2014},
  publisher = {Elsevier {BV}},
  pages = {411--416},
  author = {Nasibeh Pouransari and Mathilde Mercier and Guy-Noel Sauvion and Fran{\c{c}}ois Mar{\'{e}}chal},
  title = {{A general methodology for energy efficiency of industrial chemical processes}},
  booktitle = {Proceedings of the 8th International Conference on Foundations of Computer-Aided Process Design},
}
